@inproceedings{vincent2008,
  title={Extracting and composing robust features with denoising autoencoders},
  author={Vincent, Pascal and Larochelle, Hugo and Bengio, Yoshua and Manzagol, Pierre-Antoine},
  booktitle={Proceedings of the 25th international conference on Machine learning},
  pages={1096--1103},
  year={2008},
  organization={ACM}
}

@article{vincent2010,
  title={Stacked denoising autoencoders: Learning useful representations in a deep network with a local denoising criterion},
  author={Vincent, Pascal and Larochelle, Hugo and Lajoie, Isabelle and Bengio, Yoshua and Manzagol, Pierre-Antoine},
  journal={Journal of machine learning research},
  volume={11},
  number={Dec},
  pages={3371--3408},
  year={2010}
}

@inproceedings{Larochelle2007,
 author = {Larochelle, Hugo and Erhan, Dumitru and Courville, Aaron and Bergstra, James and Bengio, Yoshua},
 title = {An Empirical Evaluation of Deep Architectures on Problems with Many Factors of Variation},
 booktitle = {Proceedings of the 24th International Conference on Machine Learning},
 series = {ICML '07},
 year = {2007},
 isbn = {978-1-59593-793-3},
 location = {Corvalis, Oregon, USA},
 pages = {473--480},
 numpages = {8},
 url = {http://doi.acm.org/10.1145/1273496.1273556},
 doi = {10.1145/1273496.1273556},
 acmid = {1273556},
 publisher = {ACM},
 address = {New York, NY, USA},
} 
[download]