@inproceedings{ringeval2018,
  title={AVEC 2018 workshop and challenge: Bipolar disorder and cross-cultural affect recognition},
  author={Ringeval, Fabien and Schuller, Bj{\"o}rn and Valstar, Michel and Cowie, Roddy and Kaya, Heysem and Schmitt, Maximilian and Amiriparian, Shahin and Cummins, Nicholas and Lalanne, Denis and Michaud, Adrien and others},
  booktitle={Proceedings of the 2018 on Audio/Visual Emotion Challenge and Workshop},
  pages={3--13},
  year={2018},
  organization={ACM}
}

@inproceedings{yang2018,
  title={Bipolar Disorder Recognition with Histogram Features of Arousal and Body Gestures},
  author={Yang, Le and Li, Yan and Chen, Haifeng and Jiang, Dongmei and Oveneke, Meshia C{\'e}dric and Sahli, Hichem},
  booktitle={Proceedings of the 2018 on Audio/Visual Emotion Challenge and Workshop},
  pages={15--21},
  year={2018},
  organization={ACM}
}

@inproceedings{du2018,
  title={Bipolar Disorder Recognition via Multi-scale Discriminative Audio Temporal Representation},
  author={Du, Zhengyin and Li, Weixin and Huang, Di and Wang, Yunhong},
  booktitle={Proceedings of the 2018 on Audio/Visual Emotion Challenge and Workshop},
  pages={23--30},
  year={2018},
  organization={ACM}
}

@inproceedings{xing2018,
  title={Multi-modality Hierarchical Recall based on GBDTs for Bipolar Disorder Classification},
  author={Xing, Xiaofen and Cai, Bolun and Zhao, Yinhu and Li, Shuzhen and He, Zhiwei and Fan, Weiquan},
  booktitle={Proceedings of the 2018 on Audio/Visual Emotion Challenge and Workshop},
  pages={31--37},
  year={2018},
  organization={ACM}
}

@inproceedings{syed2018,
  title={Automated Screening for Bipolar Disorder from Audio/Visual Modalities},
  author={Syed, Zafi Sherhan and Sidorov, Kirill and Marshall, David},
  booktitle={Proceedings of the 2018 on Audio/Visual Emotion Challenge and Workshop},
  pages={39--45},
  year={2018},
  organization={ACM}
}

@book{american2013,
  title={Diagnostic and statistical manual of mental disorders (DSM-5{\textregistered})},
  author={American Psychiatric Association and others},
  year={2013},
  publisher={American Psychiatric Pub}
}

@techreport{world2017,
  title={Depression and other common mental disorders: global health estimates},
  author={World Health Organization and others},
  year={2017},
  institution={World Health Organization}
}

@incollection{bauer2017,
  title={The link between refractoriness and neuroprogression in treatment-resistant bipolar disorder},
  author={Bauer, Isabelle E and Soares, Jair C and Selek, Salih and Meyer, Thomas D},
  booktitle={Neuroprogression in Psychiatric Disorders},
  volume={31},
  pages={10--26},
  year={2017},
  publisher={Karger Publishers}
}

@inproceedings{cciftcci2018,
  title={The Turkish audio-visual bipolar disorder corpus},
  author={{\c{C}}ift{\c{c}}i, Elvan and Kaya, Heysem and G{\"u}le{\c{c}}, H{\"u}seyin and Salah, Albert Ali},
  booktitle={2018 First Asian Conference on Affective Computing and Intelligent Interaction (ACII Asia)},
  pages={1--6},
  year={2018},
  organization={IEEE}
}

@article{haque2018,
  title={Measuring Depression Symptom Severity from Spoken Language and 3D Facial Expressions},
  author={Haque, Albert and Guo, Michelle and Miner, Adam S and Fei-Fei, Li},
  journal={arXiv preprint arXiv:1811.08592},
  year={2018}
}

@article{hilty2006,
  title={A review of bipolar disorder in adults},
  author={Hilty, Donald M and Leamon, Martin H and Lim, Russell F and Kelly, Rosemary H and Hales, Robert E},
  journal={Psychiatry (Edgmont)},
  volume={3},
  number={9},
  pages={43},
  publisher={Matrix Medical Communications},
  year={2006}
}

@article{prien1990,
  title={NIMH workshop report on treatment of bipolar disorder.},
  author={Prien, RF and Potter, WZ},
  journal={Psychopharmacology Bulletin},
  volume={26},
  number={4},
  pages={409--427},
  year={1990}
}

@misc{american2000,
  title={Diagnostic and statistical manual of mental disorders: DSM-IV-TR},
  author={American Psychiatric Association and others},
  year={2000},
  publisher={Washington, DC: American Psychiatric Association}
}

@article{kazdin2011,
  title={Rebooting psychotherapy research and practice to reduce the burden of mental illness},
  author={Kazdin, Alan E and Blase, Stacey L},
  journal={Perspectives on psychological science},
  volume={6},
  number={1},
  pages={21--37},
  year={2011},
  publisher={Sage Publications Sage CA: Los Angeles, CA}
}

@article{hall1995,
  title={Nonverbal behavior in clinicianâ€”patient interaction},
  author={Hall, Judith A and Harrigan, Jinni A and Rosenthal, Robert},
  journal={Applied and Preventive Psychology},
  volume={4},
  number={1},
  pages={21--37},
  year={1995},
  publisher={Elsevier}
}

@article{sobin1997,
  title={Psychomotor symptoms of depression},
  author={Sobin, Christina and Sackeim, Harold A},
  journal={American Journal of Psychiatry},
  volume={154},
  number={1},
  pages={4--17},
  year={1997},
  publisher={[Washington, etc., American Psychiatric Association]}
}

@article{young1978,
  title={A rating scale for mania: reliability, validity and sensitivity},
  author={Young, Robert C and Biggs, Jeffery T and Ziegler, Veronika E and Meyer, Dolores A},
  journal={The British Journal of Psychiatry},
  volume={133},
  number={5},
  pages={429--435},
  year={1978},
  publisher={Cambridge University Press}
}

@inproceedings{ngiam2011,
  title={Multimodal deep learning},
  author={Ngiam, Jiquan and Khosla, Aditya and Kim, Mingyu and Nam, Juhan and Lee, Honglak and Ng, Andrew Y},
  booktitle={Proceedings of the 28th international conference on machine learning (ICML-11)},
  pages={689--696},
  year={2011}
}

@article{lahat2015,
  title={Multimodal data fusion: an overview of methods, challenges, and prospects},
  author={Lahat, Dana and Adali, T{\"u}lay and Jutten, Christian},
  journal={Proceedings of the IEEE},
  volume={103},
  number={9},
  pages={1449--1477},
  year={2015},
  publisher={IEEE}
}

@article{mcgurk1976,
  title={Hearing lips and seeing voices},
  author={McGurk, Harry and MacDonald, John},
  journal={Nature},
  volume={264},
  number={5588},
  pages={746},
  year={1976},
  publisher={Nature Publishing Group}
}

@article{calhoun2008,
  title={Feature-based fusion of medical imaging data},
  author={Calhoun, Vince D and Adali, Tulay},
  journal={IEEE Transactions on Information Technology in Biomedicine},
  volume={13},
  number={5},
  pages={711--720},
  year={2008},
  publisher={IEEE}
}

@book{picard2000,
  title={Affective computing},
  author={Picard, Rosalind W},
  year={2000}
}

@article{zeng2008,
  title={A survey of affect recognition methods: Audio, visual, and spontaneous expressions},
  author={Zeng, Zhihong and Pantic, Maja and Roisman, Glenn I and Huang, Thomas S},
  journal={IEEE transactions on pattern analysis and machine intelligence},
  volume={31},
  number={1},
  pages={39--58},
  year={2008},
  publisher={IEEE}
}

@incollection{cohn2007,
  title={Foundations of human computing: Facial expression and emotion},
  author={Cohn, Jeffrey F},
  booktitle={Artifical Intelligence for Human Computing},
  pages={1--16},
  year={2007},
  publisher={Springer}
}

@article{barrett1998,
  title={Discrete emotions or dimensions? The role of valence focus and arousal focus},
  author={Barrett, Lisa Feldman},
  journal={Cognition \& Emotion},
  volume={12},
  number={4},
  pages={579--599},
  year={1998},
  publisher={Taylor \& Francis}
}

@incollection{pantic2007,
  title={Human computing and machine understanding of human behavior: A survey},
  author={Pantic, Maja and Pentland, Alex and Nijholt, Anton and Huang, Thomas S},
  booktitle={Artifical Intelligence for Human Computing},
  pages={47--71},
  year={2007},
  publisher={Springer}
}

@incollection{schuller2011,
  title={Voice and speech analysis in search of states and traits},
  author={Schuller, Bj{\"o}rn},
  booktitle={Computer Analysis of Human Behavior},
  pages={227--253},
  year={2011},
  publisher={Springer}
}

@article{vinciarelli2009,
  title={Social signal processing: Survey of an emerging domain},
  author={Vinciarelli, Alessandro and Pantic, Maja and Bourlard, Herv{\'e}},
  journal={Image and vision computing},
  volume={27},
  number={12},
  pages={1743--1759},
  year={2009},
  publisher={Elsevier}
}

@phdthesis{yacoob1994,
  title={Computing spatio-temporal representations of human faces},
  author={Yacoob, Yaser and Davis, Larry},
  year={1994}
}

@article{calvo2010,
  title={Affect detection: An interdisciplinary review of models, methods, and their applications},
  author={Calvo, Rafael A and D'Mello, Sidney},
  journal={IEEE Transactions on affective computing},
  volume={1},
  number={1},
  pages={18--37},
  year={2010},
  publisher={IEEE}
}

@inproceedings{sidney2005,
  title={Integrating affect sensors in an intelligent tutoring system},
  author={Sidney, K Dmello and Craig, Scotty D and Gholson, Barry and Franklin, Stan and Picard, Rosalind and Graesser, Arthur C},
  year={2005}
}

@article{zacharatos2014,
  title={Automatic emotion recognition based on body movement analysis: a survey},
  author={Zacharatos, Haris and Gatzoulis, Christos and Chrysanthou, Yiorgos L},
  journal={IEEE computer graphics and applications},
  volume={34},
  number={6},
  pages={35--45},
  year={2014},
  publisher={IEEE}
}

@article{russell1980,
  title={A circumplex model of affect.},
  author={Russell, James A},
  journal={Journal of personality and social psychology},
  volume={39},
  number={6},
  pages={1161},
  year={1980},
  publisher={American Psychological Association}
}

@article{ambadar2005,
  title={Deciphering the enigmatic face: The importance of facial dynamics in interpreting subtle facial expressions},
  author={Ambadar, Zara and Schooler, Jonathan W and Cohn, Jeffrey F},
  journal={Psychological science},
  volume={16},
  number={5},
  pages={403--410},
  year={2005},
  publisher={SAGE Publications Sage CA: Los Angeles, CA}
}

@inproceedings{joshi2013,
  title={Can body expressions contribute to automatic depression analysis?},
  author={Joshi, Jyoti and Goecke, Roland and Parker, Gordon and Breakspear, Michael},
  booktitle={2013 10th IEEE International Conference and Workshops on Automatic Face and Gesture Recognition (FG)},
  pages={1--7},
  year={2013},
  organization={IEEE}
}

@inproceedings{cohn2009,
  title={Detecting depression from facial actions and vocal prosody},
  author={Cohn, Jeffrey F and Kruez, Tomas Simon and Matthews, Iain and Yang, Ying and Nguyen, Minh Hoai and Padilla, Margara Tejera and Zhou, Feng and De la Torre, Fernando},
  booktitle={2009 3rd International Conference on Affective Computing and Intelligent Interaction and Workshops},
  pages={1--7},
  year={2009},
  organization={IEEE}
}

@inproceedings{cummins2011,
  title={An investigation of depressed speech detection: Features and normalization},
  author={Cummins, Nicholas and Epps, Julien and Breakspear, Michael and Goecke, Roland},
  booktitle={Twelfth Annual Conference of the International Speech Communication Association},
  year={2011}
}

@inproceedings{williamson2016,
  title={Detecting depression using vocal, facial and semantic communication cues},
  author={Williamson, James R and Godoy, Elizabeth and Cha, Miriam and Schwarzentruber, Adrianne and Khorrami, Pooya and Gwon, Youngjune and Kung, Hsiang-Tsung and Dagli, Charlie and Quatieri, Thomas F},
  booktitle={Proceedings of the 6th International Workshop on Audio/Visual Emotion Challenge},
  pages={11--18},
  year={2016},
  organization={ACM}
}

@book{young1993htk,
  title={The HTK hidden Markov model toolkit: Design and philosophy},
  author={Young, Steve J and Young, Sj},
  year={1993},
  publisher={University of Cambridge, Department of Engineering}
}

@article{eyben2015,
  title={The Geneva minimalistic acoustic parameter set (GeMAPS) for voice research and affective computing},
  author={Eyben, Florian and Scherer, Klaus R and Schuller, Bj{\"o}rn W and Sundberg, Johan and Andr{\'e}, Elisabeth and Busso, Carlos and Devillers, Laurence Y and Epps, Julien and Laukka, Petri and Narayanan, Shrikanth S and others},
  journal={IEEE Transactions on Affective Computing},
  volume={7},
  number={2},
  pages={190--202},
  year={2015},
  publisher={IEEE}
}

@article{scherer1986,
  title={Vocal affect expression: A review and a model for future research.},
  author={Scherer, Klaus R},
  journal={Psychological bulletin},
  volume={99},
  number={2},
  pages={143},
  year={1986},
  publisher={American Psychological Association}
}

@article{juslin2001,
  title={Impact of intended emotion intensity on cue utilization and decoding accuracy in vocal expression of emotion.},
  author={Juslin, Patrik N and Laukka, Petri},
  journal={Emotion},
  volume={1},
  number={4},
  pages={381},
  year={2001},
  publisher={American Psychological Association}
}

@inproceedings{yildirim2004,
  title={An acoustic study of emotions expressed in speech},
  author={Yildirim, Serdar and Bulut, Murtaza and Lee, Chul Min and Kazemzadeh, Abe and Deng, Zhigang and Lee, Sungbok and Narayanan, Shrikanth and Busso, Carlos},
  booktitle={Eighth International Conference on Spoken Language Processing},
  year={2004}
}

@article{ruder2017,
  title={An overview of multi-task learning in deep neural networks},
  author={Ruder, Sebastian},
  journal={arXiv preprint arXiv:1706.05098},
  year={2017}
}

@inproceedings{amiriparian2017,
  title={Snore Sound Classification Using Image-Based Deep Spectrum Features.},
  author={Amiriparian, Shahin and Gerczuk, Maurice and Ottl, Sandra and Cummins, Nicholas and Freitag, Michael and Pugachevskiy, Sergey and Baird, Alice and Schuller, Bj{\"o}rn W},
  year={2017}
}

@inproceedings{szegedy2015,
  title={Going deeper with convolutions},
  author={Szegedy, Christian and Liu, Wei and Jia, Yangqing and Sermanet, Pierre and Reed, Scott and Anguelov, Dragomir and Erhan, Dumitru and Vanhoucke, Vincent and Rabinovich, Andrew},
  booktitle={Proceedings of the IEEE conference on computer vision and pattern recognition},
  pages={1--9},
  year={2015}
}

@inproceedings{baltrusaitis2018,
  title={Openface 2.0: Facial behavior analysis toolkit},
  author={Baltrusaitis, Tadas and Zadeh, Amir and Lim, Yao Chong and Morency, Louis-Philippe},
  booktitle={2018 13th IEEE International Conference on Automatic Face \& Gesture Recognition (FG 2018)},
  pages={59--66},
  year={2018},
  organization={IEEE}
}

@article{ekman1976,
  title={Measuring facial movement},
  author={Ekman, Paul and Friesen, Wallace V},
  journal={Environmental psychology and nonverbal behavior},
  volume={1},
  number={1},
  pages={56--75},
  year={1976},
  publisher={Springer}
}

@inproceedings{adams2015,
  title={Decoupling facial expressions and head motions in complex emotions},
  author={Adams, Andra and Mahmoud, Marwa and Baltru{\v{s}}aitis, Tadas and Robinson, Peter},
  booktitle={2015 International Conference on Affective Computing and Intelligent Interaction (ACII)},
  pages={274--280},
  year={2015},
  organization={IEEE}
}

@article{kleinke1986,
  title={Gaze and eye contact: a research review.},
  author={Kleinke, Chris L},
  journal={Psychological bulletin},
  volume={100},
  number={1},
  pages={78},
  year={1986},
  publisher={American Psychological Association}
}

@inproceedings{vail2017,
  title={Visual attention in schizophrenia: Eye contact and gaze aversion during clinical interactions},
  author={Vail, Alexandria K and Baltru{\v{s}}aitis, Tadas and Pennant, Luciana and Liebson, Elizabeth and Baker, Justin and Morency, Louis-Philippe},
  booktitle={2017 Seventh International Conference on Affective Computing and Intelligent Interaction (ACII)},
  pages={490--497},
  year={2017},
  organization={IEEE}
}

@article{fu2010age,
  title={Age synthesis and estimation via faces: A survey},
  author={Fu, Yun and Guo, Guodong and Huang, Thomas S},
  journal={IEEE transactions on pattern analysis and machine intelligence},
  volume={32},
  number={11},
  pages={1955--1976},
  year={2010},
  publisher={IEEE}
}

@book{ekman2013,
  title={Emotion in the human face: Guidelines for research and an integration of findings},
  author={Ekman, Paul and Friesen, Wallace V and Ellsworth, Phoebe},
  volume={11},
  year={2013},
  publisher={Elsevier}
}

@article{ng2011,
  title={Sparse autoencoder},
  author={Ng, Andrew and others},
  journal={CS294A Lecture notes},
  volume={72},
  number={2011},
  pages={1--19},
  year={2011},
  publisher={Stanford University}
}

@article{vincent2010,
  title={Stacked denoising autoencoders: Learning useful representations in a deep network with a local denoising criterion},
  author={Vincent, Pascal and Larochelle, Hugo and Lajoie, Isabelle and Bengio, Yoshua and Manzagol, Pierre-Antoine},
  journal={Journal of machine learning research},
  volume={11},
  number={Dec},
  pages={3371--3408},
  year={2010}
}

@article{kingma2013,
  title={Auto-encoding variational bayes},
  author={Kingma, Diederik P and Welling, Max},
  journal={arXiv preprint arXiv:1312.6114},
  year={2013}
}

@inproceedings{ballard1987,
  title={Modular Learning in Neural Networks.},
  author={Ballard, Dana H},
  year={1987}
}

@article{bellman1966,
  title={Dynamic programming},
  author={Bellman, Richard},
  journal={Science},
  volume={153},
  number={3731},
  pages={34--37},
  year={1966},
  publisher={American Association for the Advancement of Science}
}

@article{charte2018,
  title={A practical tutorial on autoencoders for nonlinear feature fusion: Taxonomy, models, software and guidelines},
  author={Charte, David and Charte, Francisco and Garc{\'\i}a, Salvador and del Jesus, Mar{\'\i}a J and Herrera, Francisco},
  journal={Information Fusion},
  volume={44},
  pages={78--96},
  year={2018},
  publisher={Elsevier}
}

@article{mangai2010,
  title={A survey of decision fusion and feature fusion strategies for pattern classification},
  author={Mangai, Utthara Gosa and Samanta, Suranjana and Das, Sukhendu and Chowdhury, Pinaki Roy},
  journal={IETE Technical review},
  volume={27},
  number={4},
  pages={293--307},
  year={2010},
  publisher={Taylor \& Francis}
}

@inproceedings{ranganathan2016,
  title={Multimodal emotion recognition using deep learning architectures},
  author={Ranganathan, Hiranmayi and Chakraborty, Shayok and Panchanathan, Sethuraman},
  booktitle={2016 IEEE Winter Conference on Applications of Computer Vision (WACV)},
  pages={1--9},
  year={2016},
  organization={IEEE}
}

@inproceedings{kim2013,
  title={Deep learning for robust feature generation in audiovisual emotion recognition},
  author={Kim, Yelin and Lee, Honglak and Provost, Emily Mower},
  booktitle={2013 IEEE International Conference on Acoustics, Speech and Signal Processing},
  pages={3687--3691},
  year={2013},
  organization={IEEE}
}

@article{dibekliouglu2017,
  title={Dynamic multimodal measurement of depression severity using deep autoencoding},
  author={Dibeklio{\u{g}}lu, Hamdi and Hammal, Zakia and Cohn, Jeffrey F},
  journal={IEEE journal of biomedical and health informatics},
  volume={22},
  number={2},
  pages={525--536},
  year={2017},
  publisher={IEEE}
}

@inproceedings{perronnin2010,
  title={Improving the fisher kernel for large-scale image classification},
  author={Perronnin, Florent and S{\'a}nchez, Jorge and Mensink, Thomas},
  booktitle={European conference on computer vision},
  pages={143--156},
  year={2010},
  organization={Springer}
}

@article{kuncheva2002,
  title={A theoretical study on six classifier fusion strategies},
  author={Kuncheva, Ludmila I},
  journal={IEEE Transactions on pattern analysis and machine intelligence},
  volume={24},
  number={2},
  pages={281--286},
  year={2002},
  publisher={IEEE}
}

@inproceedings{morales2016,
  title={Speech vs. text: A comparative analysis of features for depression detection systems},
  author={Morales, Michelle Renee and Levitan, Rivka},
  booktitle={2016 IEEE Spoken Language Technology Workshop (SLT)},
  pages={136--143},
  year={2016},
  organization={IEEE}
}

@inproceedings{pampouchidou2016,
  title={Depression assessment by fusing high and low level features from audio, video, and text},
  author={Pampouchidou, Anastasia and Simantiraki, Olympia and Fazlollahi, Amir and Pediaditis, Matthew and Manousos, Dimitris and Roniotis, Alexandros and Giannakakis, Georgios and Meriaudeau, Fabrice and Simos, Panagiotis and Marias, Kostas and others},
  booktitle={Proceedings of the 6th International Workshop on Audio/Visual Emotion Challenge},
  pages={27--34},
  year={2016},
  organization={ACM}
}

@inproceedings{mikolov2014,
  title={Distributed representations of sentences and documents},
  author={Le, Quoc and Mikolov, Tomas},
  booktitle={International conference on machine learning},
  pages={1188--1196},
  year={2014}
}

@inproceedings{mikolov2013,
  title={Distributed representations of words and phrases and their compositionality},
  author={Mikolov, Tomas and Sutskever, Ilya and Chen, Kai and Corrado, Greg S and Dean, Jeff},
  booktitle={Advances in neural information processing systems},
  pages={3111--3119},
  year={2013}
}

@article{mikolov2013efficient,
  title={Efficient estimation of word representations in vector space},
  author={Mikolov, Tomas and Chen, Kai and Corrado, Greg and Dean, Jeffrey},
  journal={arXiv preprint arXiv:1301.3781},
  year={2013}
}

@article{lau2016,
  title={An empirical evaluation of doc2vec with practical insights into document embedding generation},
  author={Lau, Jey Han and Baldwin, Timothy},
  journal={arXiv preprint arXiv:1607.05368},
  year={2016}
}

@inproceedings{yang2017,
  title={Multimodal measurement of depression using deep learning models},
  author={Yang, Le and Jiang, Dongmei and Xia, Xiaohan and Pei, Ercheng and Oveneke, Meshia C{\'e}dric and Sahli, Hichem},
  booktitle={Proceedings of the 7th Annual Workshop on Audio/Visual Emotion Challenge},
  pages={53--59},
  year={2017},
  organization={ACM}
}

@inproceedings{vincent2008,
  title={Extracting and composing robust features with denoising autoencoders},
  author={Vincent, Pascal and Larochelle, Hugo and Bengio, Yoshua and Manzagol, Pierre-Antoine},
  booktitle={Proceedings of the 25th international conference on Machine learning},
  pages={1096--1103},
  year={2008},
  organization={ACM}
}

@article{hong2015,
  title={Multimodal deep autoencoder for human pose recovery},
  author={Hong, Chaoqun and Yu, Jun and Wan, Jian and Tao, Dacheng and Wang, Meng},
  journal={IEEE Transactions on Image Processing},
  volume={24},
  number={12},
  pages={5659--5670},
  year={2015},
  publisher={IEEE}
}

@article{de2005,
  title={A tutorial on the cross-entropy method},
  author={De Boer, Pieter-Tjerk and Kroese, Dirk P and Mannor, Shie and Rubinstein, Reuven Y},
  journal={Annals of operations research},
  volume={134},
  number={1},
  pages={19--67},
  year={2005},
  publisher={Springer}
}

@article{baxter1997,
  title={A Bayesian/information theoretic model of learning to learn via multiple task sampling},
  author={Baxter, Jonathan},
  journal={Machine learning},
  volume={28},
  number={1},
  pages={7--39},
  year={1997},
  publisher={Springer}
}

@article{baltruvsaitis2017,
  title={Multimodal machine learning: A survey and taxonomy},
  author={Baltru{\v{s}}aitis, Tadas and Ahuja, Chaitanya and Morency, Louis-Philippe},
  journal={IEEE Transactions on Pattern Analysis and Machine Intelligence},
  volume={41},
  number={2},
  pages={423--443},
  year={2018},
  publisher={IEEE}
}

@inproceedings{gurban2008,
  title={Dynamic modality weighting for multi-stream hmms inaudio-visual speech recognition},
  author={Gurban, Mihai and Thiran, Jean-Philippe and Drugman, Thomas and Dutoit, Thierry},
  booktitle={Proceedings of the 10th international conference on Multimodal interfaces},
  pages={237--240},
  year={2008},
  organization={ACM}
}


@inproceedings{kanade2005,
  title={Facial expression analysis},
  author={Kanade, Takeo},
  booktitle={Proceedings of the Second international conference on Analysis and Modelling of Faces and Gestures},
  pages={1--1},
  year={2005},
  organization={Springer-Verlag}
}

@article{breiman2001,
  title={Random forests},
  author={Breiman, Leo},
  journal={Machine learning},
  volume={45},
  number={1},
  pages={5--32},
  year={2001},
  publisher={Springer}
}

@article{louppe2014,
  title={Understanding random forests: From theory to practice},
  author={Louppe, Gilles},
  journal={arXiv preprint arXiv:1407.7502},
  year={2014}
}

@article{somandepalli2019,
  title={Multimodal Representation Learning using Deep Multiset Canonical Correlation},
  author={Somandepalli, Krishna and Kumar, Naveen and Travadi, Ruchir and Narayanan, Shrikanth},
  journal={arXiv preprint arXiv:1904.01775},
  year={2019}
}

@inproceedings{oneata2013,
  title={Action and event recognition with fisher vectors on a compact feature set},
  author={Oneata, Dan and Verbeek, Jakob and Schmid, Cordelia},
  booktitle={Proceedings of the IEEE international conference on computer vision},
  pages={1817--1824},
  year={2013}
}

@article{sanchez2013,
  title={Image classification with the fisher vector: Theory and practice},
  author={S{\'a}nchez, Jorge and Perronnin, Florent and Mensink, Thomas and Verbeek, Jakob},
  journal={International journal of computer vision},
  volume={105},
  number={3},
  pages={222--245},
  year={2013},
  publisher={Springer}
}

@inproceedings{krapac2011,
  title={Modeling spatial layout with fisher vectors for image categorization},
  author={Krapac, Josip and Verbeek, Jakob and Jurie, Fr{\'e}d{\'e}ric},
  booktitle={2011 International Conference on Computer Vision},
  pages={1487--1494},
  year={2011},
  organization={IEEE}
}

@article{peng2016,
  title={Bag of visual words and fusion methods for action recognition: Comprehensive study and good practice},
  author={Peng, Xiaojiang and Wang, Limin and Wang, Xingxing and Qiao, Yu},
  journal={Computer Vision and Image Understanding},
  volume={150},
  pages={109--125},
  year={2016},
  publisher={Elsevier}
}

@inproceedings{csurka2004,
  title={Visual categorization with bags of keypoints},
  author={Csurka, Gabriella and Dance, Christopher and Fan, Lixin and Willamowski, Jutta and Bray, C{\'e}dric},
  year={2004}
}

@book{bishop2006,
  title={Pattern recognition and machine learning},
  author={Bishop, Christopher M},
  year={2006},
  publisher={springer}
}

@inproceedings{jain2014,
  title={Depression estimation using audiovisual features and fisher vector encoding},
  author={Jain, Varun and Crowley, James L and Dey, Anind K and Lux, Augustin},
  booktitle={Proceedings of the 4th International Workshop on Audio/Visual Emotion Challenge},
  pages={87--91},
  year={2014},
  organization={ACM}
}

@inproceedings{dhall2015,
  title={A temporally piece-wise fisher vector approach for depression analysis},
  author={Dhall, Abhinav and Goecke, Roland},
  booktitle={2015 International Conference on Affective Computing and Intelligent Interaction (ACII)},
  pages={255--259},
  year={2015},
  organization={IEEE}
}

@inproceedings{kaya2015,
  title={Contrasting and combining least squares based learners for emotion recognition in the wild},
  author={Kaya, Heysem and G{\"u}rpinar, Furkan and Afshar, Sadaf and Salah, Albert Ali},
  booktitle={Proceedings of the 2015 ACM on International Conference on Multimodal Interaction},
  pages={459--466},
  year={2015},
  organization={ACM}
}

@article{hira2015,
  title={A review of feature selection and feature extraction methods applied on microarray data},
  author={Hira, Zena M and Gillies, Duncan F},
  journal={Advances in bioinformatics},
  volume={2015},
  year={2015},
  publisher={Hindawi}
}

@article{peng2005,
  title={Feature selection based on mutual information: criteria of max-dependency, max-relevance, and min-redundancy},
  author={Peng, Hanchuan and Long, Fuhui and Ding, Chris},
  journal={IEEE Transactions on Pattern Analysis \& Machine Intelligence},
  number={8},
  pages={1226--1238},
  year={2005},
  publisher={IEEE}
}

@article{moran1918,
  title={The Correlation Between Relatives on the Supposition of Mendelian Inheritance},
  author={Moran, PAP and Smith, CAB},
  journal={Transactions of the Royal Society of Edinburgh},
  volume={52},
  pages={899--438},
  year={1918}
}

@article{pudil1994,
  title={Floating search methods in feature selection},
  author={Pudil, Pavel and Novovi{\v{c}}ov{\'a}, Jana and Kittler, Josef},
  journal={Pattern recognition letters},
  volume={15},
  number={11},
  pages={1119--1125},
  year={1994},
  publisher={Elsevier}
}

@article{maaten2008,
  title={Visualizing data using t-SNE},
  author={Maaten, Laurens van der and Hinton, Geoffrey},
  journal={Journal of machine learning research},
  volume={9},
  number={Nov},
  pages={2579--2605},
  year={2008}
}

@article{meyer2009,
  title={Convergence and divergence in a neural architecture for recognition and memory},
  author={Meyer, Kaspar and Damasio, Antonio},
  journal={Trends in neurosciences},
  volume={32},
  number={7},
  pages={376--382},
  year={2009},
  publisher={Elsevier}
}